<record><leader>00000cas a22000007a 4500</leader><controlfield tag="001">9710654</controlfield><controlfield tag="008">830718d18151821nyuwr ne      0    0eng d</controlfield><datafield ind1=" " ind2=" " tag="010"><subfield code="a">sn 83030916 </subfield></datafield><datafield ind1=" " ind2=" " tag="040"><subfield code="a">NPU</subfield><subfield code="b">eng</subfield><subfield code="c">NPU</subfield><subfield code="d">NPX</subfield><subfield code="d">NYS</subfield><subfield code="d">DLC</subfield><subfield code="d">OCL</subfield><subfield code="d">CRL</subfield><subfield code="d">OCLCG</subfield><subfield code="d">KRTAS</subfield><subfield code="d">OCLCF</subfield><subfield code="d">OCLCO</subfield></datafield><datafield ind1="1" ind2=" " tag="029"><subfield code="a">AU@</subfield><subfield code="b">000020127140</subfield></datafield><datafield ind1=" " ind2=" " tag="042"><subfield code="a">msc</subfield></datafield><datafield ind1=" " ind2=" " tag="043"><subfield code="a">n-us-ny</subfield></datafield><datafield ind1=" " ind2="4" tag="050"><subfield code="a">AN2</subfield><subfield code="b">.B82x</subfield></datafield><datafield ind1="0" ind2=" " tag="130"><subfield code="a">Niagara journal (Buffalo, N.Y. : 1815)</subfield></datafield><datafield ind1="0" ind2="0" tag="245"><subfield code="a">Niagara journal.</subfield></datafield><datafield ind1=" " ind2=" " tag="260"><subfield code="a">Buffalo, N.Y. :</subfield><subfield code="b">Day &amp; Stillman,</subfield></datafield><datafield ind1=" " ind2=" " tag="300"><subfield code="a">v. ;</subfield><subfield code="c">50 cm.</subfield></datafield><datafield ind1=" " ind2=" " tag="310"><subfield code="a">Weekly</subfield></datafield><datafield ind1="0" ind2=" " tag="362"><subfield code="a">Vol. 1, no. 1 (July 4, 1815)-v. 6, no. 306 (May 8, 1821).</subfield></datafield><datafield ind1=" " ind2=" " tag="500"><subfield code="a">Publishers: Day &amp; Stillman, 1815-    ; David M. Day, &lt;1816-1820&gt;.</subfield></datafield><datafield ind1=" " ind2="0" tag="651"><subfield code="a">Buffalo (N.Y.)</subfield><subfield code="v">Newspapers.</subfield></datafield><datafield ind1=" " ind2="0" tag="651"><subfield code="a">Niagara County (N.Y.)</subfield><subfield code="v">Newspapers.</subfield></datafield><datafield ind1=" " ind2="7" tag="655"><subfield code="a">Newspapers.</subfield><subfield code="2">fast</subfield><subfield code="0">(OCoLC)fst01423814</subfield></datafield><datafield ind1=" " ind2="7" tag="651"><subfield code="a">New York (State)</subfield><subfield code="z">Buffalo.</subfield><subfield code="2">fast</subfield><subfield code="0">(OCoLC)fst01205730</subfield></datafield><datafield ind1=" " ind2="7" tag="651"><subfield code="a">New York (State)</subfield><subfield code="z">Niagara County.</subfield><subfield code="2">fast</subfield><subfield code="0">(OCoLC)fst01212284</subfield></datafield><datafield ind1="1" ind2=" " tag="700"><subfield code="a">Day, David Merrick,</subfield><subfield code="d">1791-1839.</subfield></datafield><datafield ind1="1" ind2=" " tag="700"><subfield code="a">Stillman, Isaiah.</subfield></datafield><datafield ind1=" " ind2=" " tag="752"><subfield code="a">United States</subfield><subfield code="b">New York</subfield><subfield code="c">Erie</subfield><subfield code="d">Buffalo.</subfield></datafield><datafield ind1="0" ind2="0" tag="785"><subfield code="t">Republican press (Buffalo, N.Y.)</subfield><subfield code="w">(DLC)sn 85038655</subfield></datafield><datafield ind1=" " ind2=" " tag="938"><subfield code="a">Kirtas Technologies, Inc.</subfield><subfield code="b">KRTS</subfield><subfield code="n">737101</subfield></datafield></record>